%% This BibTeX bibliography file was created using BibDesk.
%% http://bibdesk.sourceforge.net/


%% Saved with string encoding Unicode (UTF-8) 

@book{huang2001spoken,
	author = {Huang, Xuedong and Acero, Alex and Hon, Hsiao-Wuen},
	title = {Spoken Language Processing: A Guide to Theory, Algorithm, and System Development},
	year = {2001},
	publisher = {Prentice Hall PTR}
} 
[download]

@book{lizhao2016speech,
	title={语音信号处理},
	author={赵力},
	year={2016},
	publisher={机械工业出版社}
}

@article{rabiner1989tutorial,
	title={A Tutorial on Hidden Markov Models and Selected Applications in Speech Recognition},
	author={Rabiner, Lawrence R},
	journal={Proceedings of the IEEE},
	volume={77},
	number={2},
	pages={257--286},
	year={1989},
	publisher={IEEE}
}

@article{davis1980comparison,
	title={Comparison of Parametric Representations for Monosyllabic Word Recognition in Continuously Spoken Sentences},
	author={Davis, Steven and Mermelstein, Paul},
	journal={IEEE Transactions on Acoustics, Speech, and Signal Processing},
	volume={28},
	number={4},
	pages={357--366},
	year={1980},
	publisher={IEEE}
}

@misc{fortune2017google,
	title = {Google Says Its Speech Recognition Leads the Pack},
	author={{Fortune}},
	year={2018},
	howpublished = {\url{http://fortune.com/2017/05/18/google-speech-recognition/}}
}

@misc{yunwang2018history,
	title = {语音技术的前世今生：深度学习与{GMM+HMM}},
	author={王赟},
	year={2018},
	howpublished = {\url{https://zhihu-live.zhimg.com/0af15bfda98f5885ffb509acd470b0fa}}
}
				